@article{ronfeldt,
year="2013",
title="How Teacher Turnover Harms Student Achievment",
journal="American Educational Research Journal",
author = {Matthew Ronfeldt and Susanna Loeb and James Wyckoff}
}

@misc{pde,
author = "Pennsylvania Department of Education",
title = "Data and Reporting",
year = "2019"
}

@misc{pssa,
author = "Pennsylvania Department of Education",
title= "PSSA Assesment Handbook",
year= "2012"
}

@misc{acs,
author = "U.S. Census Bureau",
title="American Community Survey 1-Year Estimates",
year = "2018"
}

@article{clotfelter,
year = "2006",
title = "Teacher-Student Matching and the Assessment of Teacher Effectiveness",
journal = "Journal of Human Resources",
author = {Charles T. Clotfelter and Helen F. Ladd and Jacob L. Vigdor}
}

@article{rockoff,
year = "2004",
title = "The Impact of Individual Teachers on Student Achievement: Evidence from Panel Data",
journal = "The American Economic Review",
author = {Jonah E. Rockoff}
}

@article{watlington,
year = "2010",
title = "The High Cost of Leaving: An Analysis of the Cost of Teacher Turnover",
journal = "Journal of Education Finance",
author = {Eliah Watlington and Robert Shockley and Paul Guglielmino and Rivka Felsher}
}

@article{adnot,
year = "2017",
title = "Teacher Turnover, Teacher Quality, and Student Acievement in the DCPS",
journal = "Educational Evaluation and Policy Analysis",
author = {Melinda Adnot and Thomas Dee and Veronica Katz and James Wyckoff}
}

@article{staiger,
year="2010",
title= "Searching for Effective Teachers with Imperfect Information",
journal="Journal of Economic Perspectives",
author={Douglas O. Staiger and Jonah E. Rockoff}
}

@book{hammond,
year ="2017", 
title="Teacher Turnover: Why It Matters and What We Can Do About It",
publisher="Learning Policy Institute",
author= {Desiree Carver-Thomas and Linda Darling-Hammond}
}

@book{barnes,
year="2007",
title="The Cost of Teacher Turnover in Five School Districts: A Pilot Study",
author={Gary Barnes and Edward Crowe and Benjamin Schaefer},
publisher= "National Commission on Teaching and America's Future"
}

@misc{lancaster,
year="2018",
title="Pennsylvania Standardized Test Scores Show Deficits in Math, Especially for Older Students",
author="Alex Geli"
}

@misc{phl,
year="2019",
title="The Forces Behind Philly's High Teacher Turnover",
author= {Jessica Calefati and Dylan Purcell and Kristen Graham}
}


@book{wooldridge,
author= "Jeffrey M. Wooldridge",
title="Econometric Analysis of Cross Section and Panel Data",
year="2010",
edition="2",
publisher="MIT Press"
}

@article{yogo,
author={James H. Stock and Jonathan H. Wright and Motohiro Yogo},
title="A Survey of Weak Instruments and Weak Identification in Generalized Method of Moments",
journal="Journal of Business and Economic Statistics",
year="2002"
}

@BOOK{mhe,
title = {Mostly Harmless Econometrics: An Empiricist's Companion},
author = {Angrist, Joshua and Pischke, Jorn-Steffen},
year = {2009},
edition = {1},
publisher = {Princeton University Press}
}

@misc{funding,
title={Pennsylvania School Funding, Explained},
author={Tim Buckwalter},
month=8,
year=2015
}




